@article{platscaling,
    title = {{5 Probabilities for SV Machines}},
    year = {2000},
    journal = {Advances in Large Margin Classifiers},
    author = {Platt, John C},
    pages = {61},
    publisher = {MIT Press}
}

@article{conformalPredictions2021,
    title = {{A Gentle Introduction to Conformal Prediction and Distribution-Free Uncertainty Quantification}},
    year = {2021},
    author = {Angelopoulos, Anastasios N. and Bates, Stephen},
    month = {7},
    url = {https://arxiv.org/abs/2107.07511v6},
    doi = {10.48550/arxiv.2107.07511},
    arxivId = {2107.07511}
}

@article{surveyUQinDL,
    title = {{A review of uncertainty quantification in deep learning: Techniques, applications and challenges}},
    year = {2021},
    journal = {Information Fusion},
    author = {Abdar, Moloud and Pourpanah, Farhad and Hussain, Sadiq and Rezazadegan, Dana and Liu, Li and Ghavamzadeh, Mohammad and Fieguth, Paul and Cao, Xiaochun and Khosravi, Abbas and Acharya, U. Rajendra and Makarenkov, Vladimir and Nahavandi, Saeid},
    month = {12},
    pages = {243--297},
    volume = {76},
    publisher = {Elsevier},
    doi = {10.1016/j.inffus.2021.05.008},
    issn = {1566-2535},
    arxivId = {2011.06225},
    keywords = {Artificial intelligence, Bayesian statistics, Deep learning, Ensemble learning, Machine learning, Uncertainty quantification}
}

@article{SWAG,
    title = {{A Simple Baseline for Bayesian Uncertainty in Deep Learning}},
    year = {2019},
    journal = {Advances in Neural Information Processing Systems},
    author = {Maddox, Wesley J. and Izmailov, Pavel and Garipov, Timur and Vetrov, Dmitry P. and Wilson, Andrew Gordon},
    volume = {32},
    url = {https://github.com/wjmaddox/swa_gaussian.}
}

@article{surveyFactualityGeneration,
    title = {{A Survey of Knowledge-enhanced Text Generation}},
    year = {2022},
    journal = {ACM Computing Surveys},
    author = {Yu, Wenhao and Zhu, Chenguang and Wang, Qingyun and Ji, Heng and Jiang, Meng and Wang, ; Q and Ji, H and Li, Zaitang and Hu, Zhiting},
    number = {11s},
    month = {11},
    pages = {1--38},
    volume = {54},
    publisher = {{\\\}ACM{\\\}PUB27{\\\}New York, NY{\\\}},
    url = {https://dl.acm.org/doi/10.1145/3512467},
    doi = {10.1145/3512467},
    issn = {0360-0300},
    arxivId = {2010.04389},
    keywords = {Knowledge-enhanced Methods, Natural language generation}
}

@article{TSDeepNets,
    title = {{Attended Temperature Scaling: A Practical Approach for Calibrating Deep Neural Networks}},
    year = {2018},
    author = {Mozafari, Azadeh Sadat and Gomes, Hugo Siqueira and Le{\~{a}}o, Wilson and Janny, Steeven and Gagn{\'{e}}, Christian},
    month = {10},
    url = {https://arxiv.org/abs/1810.11586v3},
    doi = {10.48550/arxiv.1810.11586},
    arxivId = {1810.11586}
}

@article{transformers,
    title = {{Attention Is All You Need}},
    year = {2017},
    journal = {Advances in Neural Information Processing Systems},
    author = {Vaswani, Ashish and Shazeer, Noam and Parmar, Niki and Uszkoreit, Jakob and Jones, Llion and Gomez, Aidan N. and Kaiser, Łukasz and Polosukhin, Illia},
    month = {6},
    pages = {5999--6009},
    volume = {2017-December},
    publisher = {Neural information processing systems foundation},
    url = {https://arxiv.org/abs/1706.03762v5},
    doi = {10.48550/arxiv.1706.03762},
    issn = {10495258},
    arxivId = {1706.03762}
}

@article{batchEnsemble,
    title = {{BatchEnsemble: An Alternative Approach to Efficient Ensemble and Lifelong Learning}},
    year = {2020},
    author = {Wen, Yeming and Tran, Dustin and Ba, Jimmy},
    month = {2},
    url = {https://arxiv.org/abs/2002.06715v2},
    doi = {10.48550/arxiv.2002.06715},
    arxivId = {2002.06715}
}

@article{BERT,
    title = {{BERT: Pre-training of Deep Bidirectional Transformers for Language Understanding}},
    year = {2018},
    journal = {NAACL HLT 2019 - 2019 Conference of the North American Chapter of the Association for Computational Linguistics: Human Language Technologies - Proceedings of the Conference},
    author = {Devlin, Jacob and Chang, Ming Wei and Lee, Kenton and Toutanova, Kristina},
    month = {10},
    pages = {4171--4186},
    volume = {1},
    publisher = {Association for Computational Linguistics (ACL)},
    url = {https://arxiv.org/abs/1810.04805v2},
    isbn = {9781950737130},
    doi = {10.48550/arxiv.1810.04805},
    arxivId = {1810.04805}
}

@article{evalUQDatasetShift,
    title = {{Can You Trust Your Model's Uncertainty? Evaluating Predictive Uncertainty Under Dataset Shift}},
    year = {2019},
    journal = {Advances in Neural Information Processing Systems},
    author = {Ovadia, Yaniv and Fertig, Emily and Ren, Jie and Nado, Zachary and Sculley, D. and Nowozin, Sebastian and Dillon, Joshua V. and Lakshminarayanan, Balaji and Snoek, Jasper},
    month = {6},
    volume = {32},
    publisher = {Neural information processing systems foundation},
    url = {https://arxiv.org/abs/1906.02530v2},
    doi = {10.48550/arxiv.1906.02530},
    issn = {10495258},
    arxivId = {1906.02530}
}

@article{challengesData2Text,
    title = {{Challenges in Data-to-Document Generation}},
    year = {2017},
    journal = {EMNLP 2017 - Conference on Empirical Methods in Natural Language Processing, Proceedings},
    author = {Wiseman, Sam and Shieber, Stuart M. and Rush, Alexander M.},
    pages = {2253--2263},
    publisher = {Association for Computational Linguistics (ACL)},
    url = {https://aclanthology.org/D17-1239},
    isbn = {9781945626838},
    doi = {10.18653/V1/D17-1239},
    arxivId = {1707.08052}
}

@misc{cycleGT,
    title = {{CycleGT: Unsupervised Graph-to-Text and Text-to-Graph Generation via Cycle Training}},
    year = {2020},
    author = {Guo, Qipeng and Jin, Zhijing and Qiu, Xipeng and Zhang, Weinan and Wipf, David and Zhang, Zheng and Shanghai, Amazon and Lab, A I},
    pages = {77--88},
    url = {https://aclanthology.org/2020.webnlg-1.8}
}

@article{cycleGTb,
    title = {{CycleGT: Unsupervised Graph-to-Text and Text-to-Graph Generation via Cycle Training}},
    year = {2020},
    author = {Guo, Qipeng and Jin, Zhijing and Qiu, Xipeng and Zhang, Weinan and Wipf, David and Zhang, Zheng and Shanghai, Amazon and Lab, A I},
    month = {6},
    url = {https://arxiv.org/abs/2006.04702v3},
    doi = {10.48550/arxiv.2006.04702},
    arxivId = {2006.04702}
}

@article{evidentialLearning,
    title = {{Deep Evidential Regression}},
    author = {Amini, Alexander and Schwarting, Wilko and Soleimany, Ava and Rus, Daniela}
}

@article{HallucationDetectionUsingSyntheticData,
    title = {{Detecting Hallucinated Content in Conditional Neural Sequence Generation}},
    author = {Zhou, Chunting and Neubig, Graham and Gu, Jiatao and Diab, Mona and Guzm{\'{a}}n, Francisco and Zettlemoyer, Luke and Ghazvininejad, Marjan},
    pages = {1393--1404},
    url = {https://github.com/}
}

@misc{dropoutDeepNets,
    title = {{Dropout as a Bayesian Approximation: Representing Model Uncertainty in Deep Learning}},
    year = {2016},
    author = {Gal, Yarin and Ghahramani, Zoubin},
    month = {6},
    pages = {1050--1059},
    publisher = {PMLR},
    url = {https://proceedings.mlr.press/v48/gal16.html},
    issn = {1938-7228}
}

@article{rank1BNN,
    title = {{Efficient and Scalable Bayesian Neural Nets with Rank-1 Factors}},
    year = {2020},
    journal = {37th International Conference on Machine Learning, ICML 2020},
    author = {Dusenberry, Michael W. and Jerfel, Ghassen and Wen, Yeming and Ma, Yi An and Snoek, Jasper and Heller, Katherine and Lakshminarayanan, Balaji and Tran, Dustin},
    month = {5},
    pages = {2762--2772},
    volume = {PartF168147-4},
    publisher = {International Machine Learning Society (IMLS)},
    url = {https://arxiv.org/abs/2005.07186v2},
    isbn = {9781713821120},
    doi = {10.48550/arxiv.2005.07186},
    arxivId = {2005.07186}
}

@article{FGSM,
    title = {{EXPLAINING AND HARNESSING ADVERSARIAL EXAMPLES}},
    author = {Goodfellow, Ian J and Shlens, Jonathon and Szegedy, Christian},
    url = {https://github.com/lisa-lab/pylearn2/tree/master/pylearn2/scripts/},
    arxivId = {1412.6572v3}
}

@article{T5,
    title = {{Exploring the Limits of Transfer Learning with a Unified Text-to-Text Transformer}},
    year = {2019},
    journal = {Journal of Machine Learning Research},
    author = {Raffel, Colin and Shazeer, Noam and Roberts, Adam and Lee, Katherine and Narang, Sharan and Matena, Michael and Zhou, Yanqi and Li, Wei and Liu, Peter J.},
    month = {10},
    pages = {1--67},
    volume = {21},
    publisher = {Microtome Publishing},
    url = {https://arxiv.org/abs/1910.10683v3},
    doi = {10.48550/arxiv.1910.10683},
    issn = {15337928},
    arxivId = {1910.10683},
    keywords = {Attentionbased models, Deep learning, Multi-task learning, Natural language processing, Transfer learning}
}

@misc{googleBlogT5,
    title = {{Exploring Transfer Learning with T5: the Text-To-Text Transfer Transformer – Google AI Blog}},
    url = {https://ai.googleblog.com/2020/02/exploring-transfer-learning-with-t5.html}
}

@article{factualityEnhancedLM,
    title = {{Factuality Enhanced Language Models for Open-Ended Text Generation}},
    author = {Lee, Nayeon and Ping, Wei and Xu, Peng and Patwary, Mostofa and Fung, Pascale and Shoeybi, Mohammad and Catanzaro, Bryan},
    url = {https://github.com/nayeon7lee/FactualityPrompt},
    arxivId = {2206.04624v2}
}

@article{HopSkipJump,
    title = {{HopSkipJumpAttack: A Query-Efficient Decision-Based Attack}},
    year = {2019},
    journal = {Proceedings - IEEE Symposium on Security and Privacy},
    author = {Chen, Jianbo and Jordan, Michael I. and Wainwright, Martin J.},
    month = {4},
    pages = {1277--1294},
    volume = {2020-May},
    publisher = {Institute of Electrical and Electronics Engineers Inc.},
    url = {https://arxiv.org/abs/1904.02144v5},
    isbn = {9781728134970},
    doi = {10.48550/arxiv.1904.02144},
    issn = {10816011},
    arxivId = {1904.02144}
}

@article{hyperparameterEnsembleDL,
    title = {{Hyperparameter Ensembles for Robustness and Uncertainty Quantification}},
    author = {Wenzel, Florian and Snoek, Jasper and Tran, Dustin and Jenatton, Rodolphe and Research, Google},
    url = {https://github.com/google/uncertainty-baselines.}
}

@article{hyperparamEnsembleDeepNets,
    title = {{Hyperparameter Ensembles for Robustness and Uncertainty Quantification}},
    year = {2020},
    journal = {Advances in Neural Information Processing Systems},
    author = {Wenzel, Florian and Snoek, Jasper and Tran, Dustin and Jenatton, Rodolphe},
    month = {6},
    volume = {2020-December},
    publisher = {Neural information processing systems foundation},
    url = {https://arxiv.org/abs/2006.13570v3},
    doi = {10.48550/arxiv.2006.13570},
    issn = {10495258},
    arxivId = {2006.13570}
}

@article{UDP,
    title = {{Improving Generalization via Uncertainty Driven Perturbations}},
    year = {2022},
    author = {Pagliardini, Matteo and Manunza, Gilberto and Jaggi, Martin and Jordan, Michael I. and Chavdarova, Tatjana},
    month = {2},
    url = {https://arxiv.org/abs/2202.05737v2},
    doi = {10.48550/arxiv.2202.05737},
    arxivId = {2202.05737}
}

@misc{CoNLL4,
    title = {{Introduction to the CoNLL-2004 Shared Task: Semantic Role Labeling}},
    year = {2004},
    author = {Carreras, Xavier and ` Arquez, Lluís M},
    pages = {89--97},
    url = {https://aclanthology.org/W04-2412},
    isbn = {50,18211,121}
}

@article{JointGT,
    title = {{JointGT: Graph-Text Joint Representation Learning for Text Generation from Knowledge Graphs}},
    author = {Ke, Pei and Ji, Haozhe and Ran, Yu and Cui, Xin and Wang, Liwei and Song, Linfeng and Zhu, Xiaoyan and Huang, Minlie},
    url = {https://github.com/thu-coai/JointGT.},
    arxivId = {2106.10502v1}
}

@article{KnowledgeGraphDef,
    title = {{Knowledge Graph Refinement: A Survey of Approaches and Evaluation Methods}},
    year = {2016},
    journal = {Semantic Web},
    author = {Cimiano, Philipp and Paulheim, Heiko},
    pages = {1--1},
    volume = {0},
    publisher = {IOS Press},
    url = {http://www.geonames.org/},
    isbn = {15700844/16},
    keywords = {Completion, Correction, Error Detection, Evaluation, Knowledge Graphs, Refinement}
}

@article{collaborativeUQMetrics2021,
    title = {{Measuring and Improving Model-Moderator Collaboration using Uncertainty Estimation}},
    year = {2021},
    journal = {WOAH 2021 - 5th Workshop on Online Abuse and Harms, Proceedings of the Workshop},
    author = {Kivlichan, Ian D. and Lin, Zi and Liu, Jeremiah and Vasserman, Lucy},
    month = {7},
    pages = {36--53},
    publisher = {Association for Computational Linguistics (ACL)},
    url = {https://arxiv.org/abs/2107.04212v1},
    isbn = {9781954085596},
    doi = {10.48550/arxiv.2107.04212},
    arxivId = {2107.04212}
}

@article{SciERC,
    title = {{Multi-Task Identification of Entities, Relations, and Coreference for Scientific Knowledge Graph Construction}},
    year = {2018},
    journal = {Proceedings of the 2018 Conference on Empirical Methods in Natural Language Processing, EMNLP 2018},
    author = {Luan, Yi and He, Luheng and Ostendorf, Mari and Hajishirzi, Hannaneh},
    pages = {3219--3232},
    publisher = {Association for Computational Linguistics},
    url = {https://aclanthology.org/D18-1360},
    isbn = {9781948087841},
    doi = {10.18653/V1/D18-1360},
    arxivId = {1808.09602}
}

@article{issuesDecodingSamplingNLP,
    title = {{Neural Text Generation with Unlikelihood Training}},
    year = {2019},
    author = {Welleck, Sean and Kulikov, Ilia and Roller, Stephen and Dinan, Emily and Cho, Kyunghyun and Weston, Jason},
    month = {8},
    url = {https://arxiv.org/abs/1908.04319v2},
    doi = {10.48550/arxiv.1908.04319},
    arxivId = {1908.04319}
}

@misc{calibrationDeepNets,
    title = {{On Calibration of Modern Neural Networks}},
    year = {2017},
    author = {Guo, Chuan and Pleiss, Geoff and Sun, Yu and Weinberger, Kilian Q.},
    month = {7},
    pages = {1321--1330},
    publisher = {PMLR},
    url = {https://proceedings.mlr.press/v70/guo17a.html},
    issn = {2640-3498}
}

@article{hallucinationUQWang,
    title = {{On Hallucination and Predictive Uncertainty in Conditional Language Generation}},
    author = {Xiao, Yijun and Wang, William Yang},
    url = {https://github.com/ruotianluo/self-critical.pytorch},
    arxivId = {2103.15025v1}
}

@article{originHalluDataOrModel,
    title = {{On the Origin of Hallucinations in Conversational Models: Is it the Datasets or the Models?}},
    author = {Dziri, Nouha and Milton, Sivan and Yu, Mo and Zaiane, Osmar and Reddy, Siva},
    url = {https://github.com/McGill-NLP/FaithDial},
    arxivId = {2204.07931v1}
}

@article{quantileRegression,
    title = {{Regression Quantiles}},
    year = {1978},
    journal = {Econometrica},
    author = {Koenker, Roger and Bassett, Gilbert},
    number = {1},
    month = {1},
    pages = {33},
    volume = {46},
    publisher = {JSTOR},
    doi = {10.2307/1913643},
    issn = {00129682}
}

@article{representingNumbersNLP,
    title = {{Representing Numbers in NLP: a Survey and a Vision}},
    author = {Thawani, Avijit and Pujara, Jay and Ilievski, Filip and Szekely, Pedro},
    pages = {644--656},
    url = {https://pypi.org/project/num2words/}
}

@article{deepEnsembles,
    title = {{Simple and Scalable Predictive Uncertainty Estimation using Deep Ensembles}},
    year = {2016},
    journal = {Advances in Neural Information Processing Systems},
    author = {Lakshminarayanan, Balaji and Pritzel, Alexander and Blundell, Charles},
    month = {12},
    pages = {6403--6414},
    volume = {2017-December},
    publisher = {Neural information processing systems foundation},
    url = {https://arxiv.org/abs/1612.01474v3},
    doi = {10.48550/arxiv.1612.01474},
    issn = {10495258},
    arxivId = {1612.01474}
}

@article{TargetedUniversalPerturbations,
    title = {{Simple iterative method for generating targeted universal adversarial perturbations}},
    year = {2019},
    journal = {Algorithms},
    author = {Hirano, Hokuto and Takemoto, Kazuhiro},
    number = {11},
    month = {11},
    pages = {1--10},
    volume = {13},
    publisher = {MDPI AG},
    url = {http://arxiv.org/abs/1911.06502 http://dx.doi.org/10.3390/a13110268},
    doi = {10.3390/a13110268},
    arxivId = {1911.06502v2},
    keywords = {Adversarial attacks, Deep neural networks, Image classification, Security and privacy}
}

@article{surveyHallucination,
    title = {{Survey of Hallucination in Natural Language Generation; Survey of Hallucination in Natural Language Generation}},
    author = {Ji, Ziwei and Lee, Nayeon and Frieske, Rita and Yu, Tiezheng and Su, Dan and Xu, Yan and Ishii, Etsuko and Bang, Yejin and Dai, Wenliang and Madotto, Andrea and Fung, Pascale},
    url = {https://doi.org/},
    arxivId = {2202.03629v5},
    keywords = {Consistency in NLG, Extrinsic Hallucination, Factuality in NLG, Faithfulness in NLG, Hallucination, Intrinsic Hallucination}
}

@article{nucleusSampling,
    title = {{The Curious Case of Neural Text Degeneration}},
    year = {2019},
    journal = {CEUR Workshop Proceedings},
    author = {Holtzman, Ari and Buys, Jan and Du, Leo and Forbes, Maxwell and Choi, Yejin},
    month = {4},
    volume = {2540},
    publisher = {CEUR-WS},
    url = {https://arxiv.org/abs/1904.09751v2},
    doi = {10.48550/arxiv.1904.09751},
    issn = {16130073},
    arxivId = {1904.09751},
    keywords = {Natural language generation, Neural language models}
}

@article{KnowledgeGraphDefFormal,
    title = {{Towards a Definition of Knowledge Graphs}},
    author = {Ehrlinger, Lisa and W{\"{o}}{\ss}, Wolfram},
    url = {http://www.semantic-web-journal.net/content/}
}

@article{MIMOEnsembles,
    title = {{Training independent subnetworks for robust prediction}},
    year = {2020},
    author = {Havasi, Marton and Jenatton, Rodolphe and Fort, Stanislav and Liu, Jeremiah Zhe and Snoek, Jasper and Lakshminarayanan, Balaji and Dai, Andrew M. and Tran, Dustin},
    month = {10},
    url = {https://arxiv.org/abs/2010.06610v2},
    doi = {10.48550/arxiv.2010.06610},
    arxivId = {2010.06610}
}

@article{isotonicRegression,
    title = {{Transforming classifier scores into accurate multiclass probability estimates}},
    year = {2002},
    journal = {Proceedings of the ACM SIGKDD International Conference on Knowledge Discovery and Data Mining},
    author = {Zadrozny, Bianca and Elkan, Charles},
    pages = {694--699},
    publisher = {Association for Computing Machinery (ACM)},
    url = {https://dl.acm.org/doi/10.1145/775047.775151},
    doi = {10.1145/775047.775151}
}

@article{Lu2020,
    title = {{Two are Better than One: Joint Entity and Relation Extraction with Table-Sequence Encoders}},
    year = {2020},
    journal = {EMNLP 2020 - 2020 Conference on Empirical Methods in Natural Language Processing, Proceedings of the Conference},
    author = {Wang, Jue and Lu, Wei},
    pages = {1706--1721},
    publisher = {Association for Computational Linguistics (ACL)},
    url = {https://aclanthology.org/2020.emnlp-main.133},
    isbn = {9781952148606},
    doi = {10.18653/V1/2020.EMNLP-MAIN.133},
    arxivId = {2010.03851}
}

@article{uncertaintyNLPandDecoding,
    title = {{Uncertainty Determines the Adequacy of the Mode and the Tractability of Decoding in Sequence-to-Sequence Models}},
    year = {2022},
    author = {Stahlberg, Felix and Kulikov, Ilia and Kumar, Shankar},
    month = {4},
    pages = {8634--8645},
    publisher = {Association for Computational Linguistics (ACL)},
    url = {https://arxiv.org/abs/2204.00471v1},
    doi = {10.48550/arxiv.2204.00471},
    arxivId = {2204.00471}
}

@article{gradientBoostingEnsembleUQ,
    title = {{Uncertainty in Gradient Boosting via Ensembles}},
    year = {2020},
    author = {Malinin, Andrey and Prokhorenkova, Liudmila and Ustimenko, Aleksei},
    month = {6},
    url = {https://arxiv.org/abs/2006.10562v4},
    doi = {10.48550/arxiv.2006.10562},
    arxivId = {2006.10562}
}

@article{Xiong2017ActiveReduction,
    title = {{Active Clustering with Model-Based Uncertainty Reduction}},
    year = {2017},
    journal = {IEEE Transactions on Pattern Analysis and Machine Intelligence},
    author = {Xiong, Caiming and Johnson, David M. and Corso, Jason J.},
    number = {1},
    month = {1},
    pages = {5--17},
    volume = {39},
    publisher = {IEEE Computer Society},
    doi = {10.1109/TPAMI.2016.2539965},
    issn = {01628828},
    pmid = {26978555},
    arxivId = {1402.1783},
    keywords = {Active clustering, image clustering, semi-supervised clustering, uncertainty reduction}
}

@misc{ActiveXplore,
    title = {{Active Clustering with Model-Based Uncertainty Reduction | IEEE Journals {\&} Magazine | IEEE Xplore}},
    url = {https://ieeexplore.ieee.org/abstract/document/7429793}
}

@article{Chakraborty2018AdversarialSurvey,
    title = {{Adversarial Attacks and Defences: A Survey}},
    year = {2018},
    author = {Chakraborty, Anirban and Alam, Manaar and Dey, Vishal and Chattopadhyay, Anupam and Mukhopadhyay, Debdeep},
    month = {9},
    url = {https://arxiv.org/abs/1810.00069v1},
    doi = {10.48550/arxiv.1810.00069},
    arxivId = {1810.00069}
}

@article{Sankararaman2022BayesFormer:Estimation,
    title = {{BayesFormer: Transformer with Uncertainty Estimation}},
    year = {2022},
    author = {Sankararaman, Karthik Abinav and Wang, Sinong and Fang, Han},
    month = {6},
    url = {https://arxiv.org/abs/2206.00826v1},
    doi = {10.48550/arxiv.2206.00826},
    arxivId = {2206.00826}
}

@article{Xue2021BayesianRecognition,
    title = {{Bayesian Transformer Language Models for Speech Recognition}},
    year = {2021},
    journal = {ICASSP, IEEE International Conference on Acoustics, Speech and Signal Processing - Proceedings},
    author = {Xue, Boyang and Yu, Jianwei and Xu, Junhao and Liu, Shansong and Hu, Shoukang and Ye, Zi and Geng, Mengzhe and Liu, Xunying and Meng, Helen},
    month = {2},
    pages = {7378--7382},
    volume = {2021-June},
    publisher = {Institute of Electrical and Electronics Engineers Inc.},
    url = {https://arxiv.org/abs/2102.04754v1},
    doi = {10.48550/arxiv.2102.04754},
    issn = {15206149},
    arxivId = {2102.04754},
    keywords = {Bayesian learning, Model uncertainty, Neural language models, Speech recognition, Transformer}
}

@article{ChungBeyondQuantification,
    title = {{Beyond Pinball Loss: Quantile Methods for Calibrated Uncertainty Quantification}},
    author = {Chung, Youngseog and Neiswanger, Willie and Char, Ian and Schneider, Jeff},
    url = {https://github.com/YoungseogChung/calibrated-quantile-uq.},
    arxivId = {2011.09588v4}
}

@article{Suzuki2006BIOINFORMATICSClustering,
    title = {{BIOINFORMATICS APPLICATIONS NOTE Data and text mining Pvclust: an R package for assessing the uncertainty in hierarchical clustering}},
    year = {2006},
    author = {Suzuki, Ryota and Shimodaira, Hidetoshi},
    number = {12},
    pages = {1540--1542},
    volume = {22},
    url = {http://www.is.},
    isbn = {1342913434},
    doi = {10.1093/bioinformatics/btl117}
}

@article{DesaiCalibrationTransformers,
    title = {{Calibration of Pre-trained Transformers}},
    author = {Desai, Shrey and Durrett, Greg},
    url = {https://github.},
    arxivId = {2003.07892v3}
}

@article{Ovadia2019CanShift,
    title = {{Can You Trust Your Model's Uncertainty? Evaluating Predictive Uncertainty Under Dataset Shift}},
    year = {2019},
    journal = {Advances in Neural Information Processing Systems},
    author = {Ovadia, Yaniv and Fertig, Emily and Ren, Jie and Nado, Zachary and Sculley, D. and Nowozin, Sebastian and Dillon, Joshua V. and Lakshminarayanan, Balaji and Snoek, Jasper},
    month = {6},
    volume = {32},
    publisher = {Neural information processing systems foundation},
    url = {https://arxiv.org/abs/1906.02530v2},
    doi = {10.48550/arxiv.1906.02530},
    issn = {10495258},
    arxivId = {1906.02530}
}

@misc{CycleGT:Anthology,
    title = {{CycleGT: Unsupervised Graph-to-Text and Text-to-Graph Generation via Cycle Training - ACL Anthology}},
    url = {https://aclanthology.org/2020.webnlg-1.8/}
}

@article{Tramer2017EnsembleDefenses,
    title = {{Ensemble Adversarial Training: Attacks and Defenses}},
    year = {2017},
    journal = {6th International Conference on Learning Representations, ICLR 2018 - Conference Track Proceedings},
    author = {Tram{\`{e}}r, Florian and Kurakin, Alexey and Papernot, Nicolas and Goodfellow, Ian and Boneh, Dan and McDaniel, Patrick},
    month = {5},
    publisher = {International Conference on Learning Representations, ICLR},
    url = {https://arxiv.org/abs/1705.07204v5},
    doi = {10.48550/arxiv.1705.07204},
    arxivId = {1705.07204}
}

@article{CaruanaGettingSelection,
    title = {{Getting the Most Out of Ensemble Selection}},
    author = {Caruana, Rich and Munson, Art and Niculescu-Mizil, Alexandru}
}

@article{CaruanaGetting,
    title = {{Getting the Most Out of Ensemble Selection *}},
    author = {Caruana, Rich and Munson, Art and Niculescu-Mizil, Alexandru},
    issn = {2006-2045}
}

@misc{IEEEPDF:,
    title = {{IEEE Xplore Full-Text PDF:}},
    url = {https://ieeexplore.ieee.org/stamp/stamp.jsp?tp=&arnumber=9619820}
}

@article{RibeiroInvestigatingGeneration,
    title = {{Investigating Pretrained Language Models for Graph-to-Text Generation}},
    author = {Ribeiro, Leonardo F R and Schmitt, Martin and Sch{\"{u}}tze, Hinrich},
    url = {https://github.com/UKPLab/plms-},
    arxivId = {2007.08426v3}
}

@article{Vishwakarma2021MetricsChemistry,
    title = {{Metrics for Benchmarking and Uncertainty Quantification: Quality, Applicability, and Best Practices for Machine Learning in Chemistry}},
    year = {2021},
    journal = {Trends in Chemistry},
    author = {Vishwakarma, Gaurav and Sonpal, Aditya and Hachmann, Johannes},
    number = {2},
    month = {2},
    pages = {146--156},
    volume = {3},
    publisher = {Cell Press},
    doi = {10.1016/J.TRECHM.2020.12.004},
    issn = {2589-5974},
    arxivId = {2010.00110},
    keywords = {benchmarking, machine learning, model validation, statistical loss function, uncertainty quantification}
}

@article{Ghoshal2022OnLearning,
    title = {{On Calibrated Model Uncertainty in Deep Learning}},
    year = {2022},
    author = {Ghoshal, Biraja and Tucker, Allan},
    month = {6},
    url = {https://arxiv.org/abs/2206.07795v1},
    doi = {10.48550/arxiv.2206.07795},
    arxivId = {2206.07795},
    keywords = {Covid-19, Loss-Calibrated Neural Network, Maximum Uncertainty Calibration Error, Model Calibration, Uncertainty Estimation}
}

@article{Tran2022Plex:Extensions,
    title = {{Plex: Towards Reliability using Pretrained Large Model Extensions}},
    year = {2022},
    author = {Tran, Dustin and Liu, Jeremiah and Dusenberry, Michael W. and Phan, Du and Collier, Mark and Ren, Jie and Han, Kehang and Wang, Zi and Mariet, Zelda and Hu, Huiyi and Band, Neil and Rudner, Tim G. J. and Singhal, Karan and Nado, Zachary and van Amersfoort, Joost and Kirsch, Andreas and Jenatton, Rodolphe and Thain, Nithum and Yuan, Honglin and Buchanan, Kelly and Murphy, Kevin and Sculley, D. and Gal, Yarin and Ghahramani, Zoubin and Snoek, Jasper and Lakshminarayanan, Balaji},
    month = {7},
    url = {https://arxiv.org/abs/2207.07411v1},
    doi = {10.48550/arxiv.2207.07411},
    arxivId = {2207.07411},
    keywords = {adaptation, large models, reliability, robustness, uncertainty}
}

@article{TranPlex:Extensions,
    title = {{Plex: Towards Reliability Using Pretrained Large Model Extensions}},
    author = {Tran, Dustin and Liu, Jeremiah and Dusenberry, Michael W and Phan, Du and Collier, Mark and Ren, Jie and Han, Kehang and Wang, Zi and Mariet, Zelda and Hu, Huiyi and Band, Neil and Rudner, Tim G J and Singhal, Karan and Nado, Zachary and Van Amersfoort, Joost and Kirsch, Andreas and Jenatton, Rodolphe and Thain, Nithum and Yuan, Honglin and Buchanan, Kelly and Murphy, Kevin and Sculley, D and Gal, Yarin and Ghahramani, Zoubin and Snoek, Jasper and Lakshminarayanan, Balaji},
    url = {https://goo.gle/plex-code},
    arxivId = {2207.07411v1},
    keywords = {adaptation, large models, reliability, robustness, uncertainty}
}

@article{Lakshminarayanan2017SimpleEnsembles,
    title = {{Simple and Scalable Predictive Uncertainty Estimation using Deep Ensembles}},
    year = {2017},
    journal = {Advances in Neural Information Processing Systems},
    author = {Lakshminarayanan, Balaji and Pritzel, Alexander and Deepmind, Charles Blundell},
    volume = {30}
}

@article{CinquinTheTransformer,
    title = {{The Bayesian Transformer}},
    author = {Cinquin, Tristan},
    url = {https://doi.org/10.3929/ethz-b-000514006},
    doi = {10.3929/ethz-b-000514006}
}

@article{LiuTheMethods,
    title = {{The Peril of Popular Deep Learning Uncertainty Estimation Methods}},
    author = {Liu, Yehao and Pagliardini, Matteo and Chavdarova, Tatjana and Stich, Sebastian U},
    url = {https://github.com/epfml/uncertainity-estimation.},
    isbn = {2112.05000v1},
    arxivId = {2112.05000v1}
}

@article{Tomani2020TowardsCalibration,
    title = {{Towards Trustworthy Predictions from Deep Neural Networks with Fast Adversarial Calibration}},
    year = {2020},
    journal = {35th AAAI Conference on Artificial Intelligence, AAAI 2021},
    author = {Tomani, Christian and Buettner, Florian},
    month = {12},
    pages = {9886--9896},
    volume = {11B},
    publisher = {Association for the Advancement of Artificial Intelligence},
    url = {https://arxiv.org/abs/2012.10923v2},
    isbn = {9781713835974},
    doi = {10.48550/arxiv.2012.10923},
    arxivId = {2012.10923}
}

@article{Muller2021TransformersInference,
    title = {{Transformers Can Do Bayesian Inference}},
    year = {2021},
    author = {M{\"{u}}ller, Samuel and Hollmann, Noah and Arango, Sebastian Pineda and Grabocka, Josif and Hutter, Frank},
    month = {12},
    url = {https://arxiv.org/abs/2112.10510v5},
    doi = {10.48550/arxiv.2112.10510},
    arxivId = {2112.10510}
}

@article{Hullermeier2010UncertaintyClassification,
    title = {{Uncertainty in clustering and classification}},
    year = {2010},
    journal = {Lecture Notes in Computer Science (including subseries Lecture Notes in Artificial Intelligence and Lecture Notes in Bioinformatics)},
    author = {H{\"{u}}llermeier, Eyke},
    pages = {16--19},
    volume = {6379 LNAI},
    publisher = {Springer, Berlin, Heidelberg},
    url = {https://link.springer.com/chapter/10.1007/978-3-642-15951-0_6},
    isbn = {3642159508},
    doi = {10.1007/978-3-642-15951-0{\_}6/COVER},
    issn = {03029743}
}

@article{Malinin2020UncertaintyEnsembles,
    title = {{Uncertainty in Gradient Boosting via Ensembles}},
    year = {2020},
    author = {Malinin, Andrey and Prokhorenkova, Liudmila and Ustimenko, Aleksei},
    month = {6},
    url = {https://arxiv.org/abs/2006.10562v4},
    doi = {10.48550/arxiv.2006.10562},
    arxivId = {2006.10562}
}

@article{Psaros2022UncertaintyComparisons,
    title = {{Uncertainty Quantification in Scientific Machine Learning: Methods, Metrics, and Comparisons}},
    year = {2022},
    author = {Psaros, Apostolos F and Meng, Xuhui and Zou, Zongren and Guo, Ling and Karniadakis, George Em},
    month = {1},
    url = {https://arxiv.org/abs/2201.07766v1},
    doi = {10.48550/arxiv.2201.07766},
    arxivId = {2201.07766}
}

@article{Vieira2020UncertaintyForecasts,
    title = {{Uncertainty Quantification of Trajectory Clustering Applied to Ocean Ensemble Forecasts}},
    year = {2020},
    journal = {Fluids 2020, Vol. 5, Page 184},
    author = {Vieira, Guilherme S. and Rypina, Irina I. and Allshouse, Michael R.},
    number = {4},
    month = {10},
    pages = {184},
    volume = {5},
    publisher = {Multidisciplinary Digital Publishing Institute},
    url = {https://www.mdpi.com/2311-5521/5/4/184/htm https://www.mdpi.com/2311-5521/5/4/184},
    doi = {10.3390/FLUIDS5040184},
    issn = {2311-5521},
    arxivId = {2008.12253},
    keywords = {Lagrangian transport, and, drifter data, ocean ensemble forecast, parameter sensitivity, rescue, search, spectral clustering, uncertainty quantification}
}

@article{Xiao2022UncertaintyAnalysis,
    title = {{Uncertainty Quantification with Pre-trained Language Models: A Large-Scale Empirical Analysis}},
    year = {2022},
    author = {Xiao, Yuxin and Liang, Paul Pu and Bhatt, Umang and Neiswanger, Willie and Salakhutdinov, Ruslan and Morency, Louis-Philippe},
    month = {10},
    url = {https://arxiv.org/abs/2210.04714v2},
    doi = {10.48550/arxiv.2210.04714},
    arxivId = {2210.04714}
}

@article{Muller2021Uncertainty-awareVisualization,
    title = {{Uncertainty-aware Topic Modeling Visualization}},
    year = {2021},
    journal = {Proceedings - 2021 IEEE 6th Workshop on Visualization for the Digital Humanities, VIS4DH 2021},
    author = {Muller, Valerie and Sieg, Christian and Linsen, Lars},
    pages = {12--18},
    publisher = {Institute of Electrical and Electronics Engineers Inc.},
    isbn = {9781665413701},
    doi = {10.1109/VIS4DH53644.2021.00007},
    keywords = {Topic modeling, ensemble visualization, uncertainty visualization}
}